<?xml version="1.0" encoding="UTF-8"?>
<!-- Generated by Fujitsu XWand B0234CS -->
<xbrli:xbrl xmlns:gl-plt="http://www.xbrl.org/int/gl/plt/2020-12-31" xmlns:ca="http://xbrl.org/2008/assertion/consistency" xmlns:gl-muc="http://www.xbrl.org/int/gl/muc/2020-12-31" xmlns:gen="http://xbrl.org/2008/generic" xmlns:variable="http://xbrl.org/2008/variable" xmlns:gl-bus="http://www.xbrl.org/int/gl/bus/2020-12-31" xmlns:xl="http://www.xbrl.org/2003/XLink" xmlns:cf="http://xbrl.org/2008/filter/concept" xmlns:eg="http://www.xbrl.org/xbrlgl/sample" xmlns:gl-taf="http://www.xbrl.org/int/gl/taf/2020-12-31" xmlns:link="http://www.xbrl.org/2003/linkbase" xmlns:gl-usk="http://www.xbrl.org/int/gl/usk/2020-12-31" xmlns:table="http://xbrl.org/2014/table" xmlns:df="http://xbrl.org/2008/filter/dimension" xmlns:rf="http://xbrl.org/2008/filter/relative" xmlns:xlink="http://www.w3.org/1999/xlink" xmlns:validation="http://xbrl.org/2008/validation" xmlns:tf="http://xbrl.org/2008/filter/tuple" xmlns:iso639="http://www.xbrl.org/2005/iso639" xmlns:iso4217="http://www.xbrl.org/2003/iso4217" xmlns:formula="http://xbrl.org/2008/formula" xmlns:sev="http://xbrl.org/2016/assertion-severity" xmlns:va="http://xbrl.org/2008/assertion/value" xmlns:reference="http://xbrl.org/2008/reference" xmlns:label="http://xbrl.org/2008/label" xmlns:gf="http://xbrl.org/2008/filter/general" xmlns:gl-cor="http://www.xbrl.org/int/gl/cor/2020-12-31" xmlns:xbrli="http://www.xbrl.org/2003/instance" xmlns:xsi="http://www.w3.org/2001/XMLSchema-instance">
	<link:schemaRef xlink:type="simple" xlink:href="gl-plt-all-2020-12-31.xsd"/>
	<xbrli:context id="now">
		<xbrli:entity>
			<xbrli:identifier scheme="http://www.xbrl.org/xbrlgl/sample">sample</xbrli:identifier>
		</xbrli:entity>
		<xbrli:period>
			<xbrli:instant>2020-01-01</xbrli:instant>
		</xbrli:period>
	</xbrli:context>
	<xbrli:context id="H1">
		<xbrli:entity>
			<xbrli:identifier scheme="http://www.xbrl.org/xbrlgl/sample">sample</xbrli:identifier>
			<xbrli:segment>
				<gl-cor:EntryNumber>H1</gl-cor:EntryNumber>
			</xbrli:segment>
		</xbrli:entity>
		<xbrli:period>
			<xbrli:instant>2020-01-01</xbrli:instant>
		</xbrli:period>
	</xbrli:context>
	<xbrli:context id="H1L1">
		<xbrli:entity>
			<xbrli:identifier scheme="http://www.xbrl.org/xbrlgl/sample">sample</xbrli:identifier>
			<xbrli:segment>
				<gl-cor:EntryNumber>H1</gl-cor:EntryNumber>
				<gl-cor:LineNumber>L1</gl-cor:LineNumber>
			</xbrli:segment>
		</xbrli:entity>
		<xbrli:period>
			<xbrli:instant>2020-01-01</xbrli:instant>
		</xbrli:period>
	</xbrli:context>
	<xbrli:context id="H1L2">
		<xbrli:entity>
			<xbrli:identifier scheme="http://www.xbrl.org/xbrlgl/sample">sample</xbrli:identifier>
			<xbrli:segment>
				<gl-cor:EntryNumber>H1</gl-cor:EntryNumber>
				<gl-cor:LineNumber>L2</gl-cor:LineNumber>
			</xbrli:segment>
		</xbrli:entity>
		<xbrli:period>
			<xbrli:instant>2020-01-01</xbrli:instant>
		</xbrli:period>
	</xbrli:context>
	<xbrli:context id="H1L3">
		<xbrli:entity>
			<xbrli:identifier scheme="http://www.xbrl.org/xbrlgl/sample">sample</xbrli:identifier>
			<xbrli:segment>
				<gl-cor:EntryNumber>H1</gl-cor:EntryNumber>
				<gl-cor:LineNumber>L3</gl-cor:LineNumber>
			</xbrli:segment>
		</xbrli:entity>
		<xbrli:period>
			<xbrli:instant>2020-01-01</xbrli:instant>
		</xbrli:period>
	</xbrli:context>
	<xbrli:context id="H1L4">
		<xbrli:entity>
			<xbrli:identifier scheme="http://www.xbrl.org/xbrlgl/sample">sample</xbrli:identifier>
			<xbrli:segment>
				<gl-cor:EntryNumber>H1</gl-cor:EntryNumber>
				<gl-cor:LineNumber>L4</gl-cor:LineNumber>
			</xbrli:segment>
		</xbrli:entity>
		<xbrli:period>
			<xbrli:instant>2020-01-01</xbrli:instant>
		</xbrli:period>
	</xbrli:context>
	<xbrli:context id="H2">
		<xbrli:entity>
			<xbrli:identifier scheme="http://www.xbrl.org/xbrlgl/sample">sample</xbrli:identifier>
			<xbrli:segment>
				<gl-cor:EntryNumber>H2</gl-cor:EntryNumber>
			</xbrli:segment>
		</xbrli:entity>
		<xbrli:period>
			<xbrli:instant>2020-01-01</xbrli:instant>
		</xbrli:period>
	</xbrli:context>
	<xbrli:context id="H2L1">
		<xbrli:entity>
			<xbrli:identifier scheme="http://www.xbrl.org/xbrlgl/sample">sample</xbrli:identifier>
			<xbrli:segment>
				<gl-cor:EntryNumber>H2</gl-cor:EntryNumber>
				<gl-cor:LineNumber>L1</gl-cor:LineNumber>
			</xbrli:segment>
		</xbrli:entity>
		<xbrli:period>
			<xbrli:instant>2020-01-01</xbrli:instant>
		</xbrli:period>
	</xbrli:context>
	<xbrli:context id="H2L2">
		<xbrli:entity>
			<xbrli:identifier scheme="http://www.xbrl.org/xbrlgl/sample">sample</xbrli:identifier>
			<xbrli:segment>
				<gl-cor:EntryNumber>H2</gl-cor:EntryNumber>
				<gl-cor:LineNumber>L2</gl-cor:LineNumber>
			</xbrli:segment>
		</xbrli:entity>
		<xbrli:period>
			<xbrli:instant>2020-01-01</xbrli:instant>
		</xbrli:period>
	</xbrli:context>
	<xbrli:context id="H2L3">
		<xbrli:entity>
			<xbrli:identifier scheme="http://www.xbrl.org/xbrlgl/sample">sample</xbrli:identifier>
			<xbrli:segment>
				<gl-cor:EntryNumber>H2</gl-cor:EntryNumber>
				<gl-cor:LineNumber>L3</gl-cor:LineNumber>
			</xbrli:segment>
		</xbrli:entity>
		<xbrli:period>
			<xbrli:instant>2020-01-01</xbrli:instant>
		</xbrli:period>
	</xbrli:context>
	<xbrli:context id="H2L4">
		<xbrli:entity>
			<xbrli:identifier scheme="http://www.xbrl.org/xbrlgl/sample">sample</xbrli:identifier>
			<xbrli:segment>
				<gl-cor:EntryNumber>H2</gl-cor:EntryNumber>
				<gl-cor:LineNumber>L4</gl-cor:LineNumber>
			</xbrli:segment>
		</xbrli:entity>
		<xbrli:period>
			<xbrli:instant>2020-01-01</xbrli:instant>
		</xbrli:period>
	</xbrli:context>
	<xbrli:unit id="usd">
		<xbrli:measure>iso4217:USD</xbrli:measure>
	</xbrli:unit>
	<xbrli:unit id="NotUsed">
		<xbrli:measure>pure</xbrli:measure>
	</xbrli:unit>
	<gl-cor:accountingEntries contextRef="now">eg:SAMPLE</gl-cor:accountingEntries>
	<gl-cor:accountingEntries.Detail>
		<gl-cor:specified.documentInfo contextRef="now"/>
		<gl-cor:specified.entityInformation contextRef="now"/>
		<gl-cor:specified.entryHeader contextRef="H1"/>
		<gl-cor:specified.entryHeader contextRef="H2"/>
	</gl-cor:accountingEntries.Detail>
	<gl-cor:documentInfo contextRef="now">eg:SAMPLE</gl-cor:documentInfo>
	<gl-cor:documentInfo.Detail>
		<gl-cor:entriesType contextRef="now">entries</gl-cor:entriesType>
		<gl-cor:uniqueID contextRef="now">001</gl-cor:uniqueID>
		<gl-cor:language contextRef="now">iso639:en</gl-cor:language>
		<gl-cor:creationDate contextRef="now">2005-07-05</gl-cor:creationDate>
		<gl-bus:creator contextRef="now">XBRL GL Working Group</gl-bus:creator>
		<gl-cor:entriesComment contextRef="now">A best practice example of entries with book to tax differences instance document</gl-cor:entriesComment>
		<gl-cor:periodCoveredStart contextRef="now">2005-06-01</gl-cor:periodCoveredStart>
		<gl-cor:periodCoveredEnd contextRef="now">2005-06-30</gl-cor:periodCoveredEnd>
		<gl-bus:sourceApplication contextRef="now">Hitachi mapping tool</gl-bus:sourceApplication>
		<gl-muc:defaultCurrency contextRef="now">iso4217:usd</gl-muc:defaultCurrency>
	</gl-cor:documentInfo.Detail>
	<gl-cor:entityInformation contextRef="now">eg:SAMPLE</gl-cor:entityInformation>
	<gl-cor:entityInformation.Detail>
		<gl-bus:specified.organizationIdentifiers contextRef="now"/>
	</gl-cor:entityInformation.Detail>
	<gl-bus:organizationIdentifiers contextRef="now">eg:SAMPLE</gl-bus:organizationIdentifiers>
	<gl-bus:organizationIdentifiers.Detail>
		<gl-bus:organizationIdentifier contextRef="now">ABC Company</gl-bus:organizationIdentifier>
		<gl-bus:organizationDescription contextRef="now">Company Name</gl-bus:organizationDescription>
	</gl-bus:organizationIdentifiers.Detail>
	<gl-cor:entryHeader contextRef="H1">eg:SAMPLE</gl-cor:entryHeader>
	<gl-cor:entryHeader.Detail>
		<gl-cor:enteredBy contextRef="H1">Otto Wellwood</gl-cor:enteredBy>
		<gl-cor:enteredDate contextRef="H1">2005-07-01</gl-cor:enteredDate>
		<gl-cor:sourceJournalID contextRef="H1">gj</gl-cor:sourceJournalID>
		<gl-bus:sourceJournalDescription contextRef="H1">JE</gl-bus:sourceJournalDescription>
		<gl-cor:entryType contextRef="H1">standard</gl-cor:entryType>
		<gl-cor:entryNumber contextRef="H1">H1</gl-cor:entryNumber>
		<gl-cor:entryComment contextRef="H1">Current period depreciation expense</gl-cor:entryComment>
		<gl-cor:qualifierEntry contextRef="H2">standard</gl-cor:qualifierEntry>
		<gl-bus:totalDebit contextRef="H1" decimals="2" unitRef="usd">5500.00</gl-bus:totalDebit>
		<gl-bus:totalCredit contextRef="H1" decimals="2" unitRef="usd">5500.00</gl-bus:totalCredit>
		<gl-cor:bookTaxDifference contextRef="H1">temporary</gl-cor:bookTaxDifference>
		<gl-cor:specified.entryDetail contextRef="H1L1"/>
		<gl-cor:specified.entryDetail contextRef="H1L2"/>
		<gl-cor:specified.entryDetail contextRef="H1L3"/>
		<gl-cor:specified.entryDetail contextRef="H1L4"/>
	</gl-cor:entryHeader.Detail>
	<gl-cor:entryDetail contextRef="H1L1">eg:SAMPLE</gl-cor:entryDetail>
	<gl-cor:entryDetail.Detail>
		<gl-cor:lineNumber contextRef="H1L1">L1</gl-cor:lineNumber>
		<gl-cor:specified.account contextRef="H1L1"/>
		<gl-cor:amount contextRef="H1L1" decimals="2" unitRef="usd">5000.00</gl-cor:amount>
		<gl-cor:debitCreditCode contextRef="H1L1">D</gl-cor:debitCreditCode>
		<gl-cor:postingDate contextRef="H1L1">2005-06-30</gl-cor:postingDate>
		<gl-cor:postingStatus contextRef="H1L1">posted</gl-cor:postingStatus>
		<gl-cor:detailComment contextRef="H1L1">Current period depreciation expense - books</gl-cor:detailComment>
	</gl-cor:entryDetail.Detail>
	<gl-cor:account contextRef="H1L1">eg:SAMPLE</gl-cor:account>
	<gl-cor:account.Detail>
		<gl-cor:accountMainID contextRef="H1L1">6200</gl-cor:accountMainID>
		<gl-cor:accountMainDescription contextRef="H1L1">Depreciation expense</gl-cor:accountMainDescription>
		<gl-cor:accountPurposeCode contextRef="H1L1">usgaap</gl-cor:accountPurposeCode>
		<gl-cor:accountType contextRef="H1L1">account</gl-cor:accountType>
	</gl-cor:account.Detail>
	<gl-cor:entryDetail contextRef="H1L2">eg:SAMPLE</gl-cor:entryDetail>
	<gl-cor:entryDetail.Detail>
		<gl-cor:lineNumber contextRef="H1L2">L2</gl-cor:lineNumber>
		<gl-cor:specified.account contextRef="H1L2"/>
		<gl-cor:amount contextRef="H1L2" decimals="2" unitRef="usd">5000.00</gl-cor:amount>
		<gl-cor:debitCreditCode contextRef="H1L2">C</gl-cor:debitCreditCode>
		<gl-cor:postingDate contextRef="H1L2">2005-06-30</gl-cor:postingDate>
		<gl-cor:postingStatus contextRef="H1L2">posted</gl-cor:postingStatus>
		<gl-cor:detailComment contextRef="H1L2">Current period depreciation expense - books</gl-cor:detailComment>
	</gl-cor:entryDetail.Detail>
	<gl-cor:account contextRef="H1L2">eg:SAMPLE</gl-cor:account>
	<gl-cor:account.Detail>
		<gl-cor:accountMainID contextRef="H1L2">1451</gl-cor:accountMainID>
		<gl-cor:accountMainDescription contextRef="H1L2">Accumulated Depreciation</gl-cor:accountMainDescription>
		<gl-cor:accountPurposeCode contextRef="H1L2">usgaap</gl-cor:accountPurposeCode>
		<gl-cor:accountType contextRef="H1L2">account</gl-cor:accountType>
	</gl-cor:account.Detail>
	<gl-cor:entryDetail contextRef="H1L3">eg:SAMPLE</gl-cor:entryDetail>
	<gl-cor:entryDetail.Detail>
		<gl-cor:lineNumber contextRef="H1L3">L3</gl-cor:lineNumber>
		<gl-cor:specified.account contextRef="H1L3"/>
		<gl-cor:amount contextRef="H1L3" decimals="2" unitRef="usd">500.00</gl-cor:amount>
		<gl-cor:debitCreditCode contextRef="H1L3">D</gl-cor:debitCreditCode>
		<gl-cor:postingDate contextRef="H1L3">2005-06-30</gl-cor:postingDate>
		<gl-cor:postingStatus contextRef="H1L3">posted</gl-cor:postingStatus>
		<gl-cor:detailComment contextRef="H1L3">Current period depreciation expense - tax</gl-cor:detailComment>
	</gl-cor:entryDetail.Detail>
	<gl-cor:account contextRef="H1L3">eg:SAMPLE</gl-cor:account>
	<gl-cor:account.Detail>
		<gl-cor:accountMainID contextRef="H1L3">6200</gl-cor:accountMainID>
		<gl-cor:accountMainDescription contextRef="H1L3">Depreciation Expense</gl-cor:accountMainDescription>
		<gl-cor:accountPurposeCode contextRef="H1L3">tax</gl-cor:accountPurposeCode>
		<gl-cor:accountType contextRef="H1L3">account</gl-cor:accountType>
	</gl-cor:account.Detail>
	<gl-cor:entryDetail contextRef="H1L4">eg:SAMPLE</gl-cor:entryDetail>
	<gl-cor:entryDetail.Detail>
		<gl-cor:lineNumber contextRef="H1L4">L4</gl-cor:lineNumber>
		<gl-cor:specified.account contextRef="H1L4"/>
		<gl-cor:amount contextRef="H1L4" decimals="2" unitRef="usd">500.00</gl-cor:amount>
		<gl-cor:debitCreditCode contextRef="H1L4">C</gl-cor:debitCreditCode>
		<gl-cor:postingDate contextRef="H1L4">2005-06-30</gl-cor:postingDate>
		<gl-cor:postingStatus contextRef="H1L4">posted</gl-cor:postingStatus>
	</gl-cor:entryDetail.Detail>
	<gl-cor:account contextRef="H1L4">eg:SAMPLE</gl-cor:account>
	<gl-cor:account.Detail>
		<gl-cor:accountMainID contextRef="H1L4">1421</gl-cor:accountMainID>
		<gl-cor:accountMainDescription contextRef="H1L4">Accumulated Depreciation</gl-cor:accountMainDescription>
		<gl-cor:accountPurposeCode contextRef="H1L4">tax</gl-cor:accountPurposeCode>
		<gl-cor:accountType contextRef="H1L4">account</gl-cor:accountType>
	</gl-cor:account.Detail>
	<gl-cor:entryHeader contextRef="H2">eg:SAMPLE</gl-cor:entryHeader>
	<gl-cor:entryHeader.Detail>
		<gl-cor:enteredBy contextRef="H2">Otto Wellwood</gl-cor:enteredBy>
		<gl-cor:enteredDate contextRef="H2">2005-07-01</gl-cor:enteredDate>
		<gl-cor:sourceJournalID contextRef="H2">gj</gl-cor:sourceJournalID>
		<gl-bus:sourceJournalDescription contextRef="H2">JE</gl-bus:sourceJournalDescription>
		<gl-cor:entryType contextRef="H2">standard</gl-cor:entryType>
		<gl-cor:entryNumber contextRef="H2">H2</gl-cor:entryNumber>
		<gl-cor:entryComment contextRef="H2">Current period tax exempt interest</gl-cor:entryComment>
		<gl-cor:qualifierEntry contextRef="H2">standard</gl-cor:qualifierEntry>
		<gl-bus:totalDebit contextRef="H1" decimals="2" unitRef="usd">550.00</gl-bus:totalDebit>
		<gl-bus:totalCredit contextRef="H1" decimals="2" unitRef="usd">1550.00</gl-bus:totalCredit>
		<gl-cor:bookTaxDifference contextRef="H2">permanent</gl-cor:bookTaxDifference>
		<gl-cor:specified.entryDetail contextRef="H2L1"/>
		<gl-cor:specified.entryDetail contextRef="H2L2"/>
		<gl-cor:specified.entryDetail contextRef="H2L3"/>
		<gl-cor:specified.entryDetail contextRef="H2L4"/>
	</gl-cor:entryHeader.Detail>
	<gl-cor:entryDetail contextRef="H2L1">eg:SAMPLE</gl-cor:entryDetail>
	<gl-cor:entryDetail.Detail>
		<gl-cor:lineNumber contextRef="H2L1">L1</gl-cor:lineNumber>
		<gl-cor:specified.account contextRef="H2L1"/>
		<gl-cor:amount contextRef="H2L1" decimals="2" unitRef="usd">500.00</gl-cor:amount>
		<gl-cor:debitCreditCode contextRef="H2L1">D</gl-cor:debitCreditCode>
		<gl-cor:postingDate contextRef="H2L1">2005-06-30</gl-cor:postingDate>
		<gl-cor:postingStatus contextRef="H2L1">posted</gl-cor:postingStatus>
		<gl-cor:detailComment contextRef="H2L1">Record current period interest earned</gl-cor:detailComment>
	</gl-cor:entryDetail.Detail>
	<gl-cor:account contextRef="H2L1">eg:SAMPLE</gl-cor:account>
	<gl-cor:account.Detail>
		<gl-cor:accountMainID contextRef="H2L1">1300</gl-cor:accountMainID>
		<gl-cor:accountMainDescription contextRef="H2L1">Accrued interest</gl-cor:accountMainDescription>
		<gl-cor:accountPurposeCode contextRef="H2L1">usgaap</gl-cor:accountPurposeCode>
		<gl-cor:accountType contextRef="H2L1">account</gl-cor:accountType>
	</gl-cor:account.Detail>
	<gl-cor:entryDetail contextRef="H2L2">eg:SAMPLE</gl-cor:entryDetail>
	<gl-cor:entryDetail.Detail>
		<gl-cor:lineNumber contextRef="H2L2">L2</gl-cor:lineNumber>
		<gl-cor:specified.account contextRef="H2L2"/>
		<gl-cor:amount contextRef="H2L2" decimals="2" unitRef="usd">500.00</gl-cor:amount>
		<gl-cor:debitCreditCode contextRef="H2L2">C</gl-cor:debitCreditCode>
		<gl-cor:postingDate contextRef="H2L2">2005-06-30</gl-cor:postingDate>
		<gl-cor:postingStatus contextRef="H2L2">posted</gl-cor:postingStatus>
		<gl-cor:detailComment contextRef="H2L2">Record current period interest earned</gl-cor:detailComment>
	</gl-cor:entryDetail.Detail>
	<gl-cor:account contextRef="H1L2">eg:SAMPLE</gl-cor:account>
	<gl-cor:account.Detail>
		<gl-cor:accountMainID contextRef="H2L2">5200</gl-cor:accountMainID>
		<gl-cor:accountMainDescription contextRef="H2L2">Interest income</gl-cor:accountMainDescription>
		<gl-cor:accountPurposeCode contextRef="H2L2">usgaap</gl-cor:accountPurposeCode>
		<gl-cor:accountType contextRef="H2L2">account</gl-cor:accountType>
	</gl-cor:account.Detail>
	<gl-cor:entryDetail contextRef="H2L3">eg:SAMPLE</gl-cor:entryDetail>
	<gl-cor:entryDetail.Detail>
		<gl-cor:lineNumber contextRef="H2L3">L3</gl-cor:lineNumber>
		<gl-cor:specified.account contextRef="H2L3"/>
		<gl-cor:amount contextRef="H2L3" decimals="2" unitRef="usd">50.00</gl-cor:amount>
		<gl-cor:debitCreditCode contextRef="H2L3">D</gl-cor:debitCreditCode>
		<gl-cor:postingDate contextRef="H2L3">2005-06-30</gl-cor:postingDate>
		<gl-cor:postingStatus contextRef="H2L3">posted</gl-cor:postingStatus>
		<gl-cor:detailComment contextRef="H2L3">Record current period tax exempt interest earned</gl-cor:detailComment>
	</gl-cor:entryDetail.Detail>
	<gl-cor:account contextRef="H1L3">eg:SAMPLE</gl-cor:account>
	<gl-cor:account.Detail>
		<gl-cor:accountMainID contextRef="H2L3">1300</gl-cor:accountMainID>
		<gl-cor:accountMainDescription contextRef="H2L3">Accrued Interest</gl-cor:accountMainDescription>
		<gl-cor:accountPurposeCode contextRef="H2L3">tax</gl-cor:accountPurposeCode>
		<gl-cor:accountType contextRef="H2L3">account</gl-cor:accountType>
	</gl-cor:account.Detail>
	<gl-cor:entryDetail contextRef="H2L4">eg:SAMPLE</gl-cor:entryDetail>
	<gl-cor:entryDetail.Detail>
		<gl-cor:lineNumber contextRef="H2L4">L4</gl-cor:lineNumber>
		<gl-cor:specified.account contextRef="H2L4"/>
		<gl-cor:amount contextRef="H2L4" decimals="2" unitRef="usd">50.00</gl-cor:amount>
		<gl-cor:debitCreditCode contextRef="H2L4">C</gl-cor:debitCreditCode>
		<gl-cor:postingDate contextRef="H2L4">2005-06-30</gl-cor:postingDate>
		<gl-cor:postingStatus contextRef="H2L4">posted</gl-cor:postingStatus>
		<gl-cor:detailComment contextRef="now">Record current period tax exempt interest earned</gl-cor:detailComment>
	</gl-cor:entryDetail.Detail>
	<gl-cor:account contextRef="H1L4">eg:SAMPLE</gl-cor:account>
	<gl-cor:account.Detail>
		<gl-cor:accountMainID contextRef="H2L4">9999</gl-cor:accountMainID>
		<gl-cor:accountMainDescription contextRef="H2L4">Clearing</gl-cor:accountMainDescription>
		<gl-cor:accountPurposeCode contextRef="H2L4">tax</gl-cor:accountPurposeCode>
		<gl-cor:accountType contextRef="H2L4">account</gl-cor:accountType>
	</gl-cor:account.Detail>
</xbrli:xbrl>
